
@inproceedings{dybjer1995internal,
  title={Internal type theory},
  author={Dybjer, Peter},
  booktitle={International Workshop on Types for Proofs and Programs},
  pages={120--134},
  year={1995},
  organization={Springer}
}


@article{ahrens2017categorical,
  title={Categorical structures for type theory in univalent foundations},
  author={Ahrens, Benedikt and Lumsdaine, Peter LeFanu and Voevodsky, Vladimir},
  journal={arXiv preprint arXiv:1705.04310},
  year={2017}
}