@inproceedings{Brajnik2008,
    title = {{A comparative test of web accessibility evaluation methods}},
    year = {2008},
    booktitle = {Proceedings of the 10th international ACM SIGACCESS conference on Computers and accessibility - Assets '08},
    author = {Brajnik, Giorgio},
    pages = {113},
    publisher = {ACM Press},
    url = {http://portal.acm.org/citation.cfm?doid=1414471.1414494},
    address = {New York, New York, USA},
    isbn = {9781595939760},
    doi = {10.1145/1414471.1414494}
}